@misc{insiderIntelligence,
  title ={How the Internet of Things will transform consumerism, enterprises, and governments over the next five years.},
  howpublished = {disponibile all'indirizzo \url{https://www.businessinsider.com/7-27-2018-iot-forecast-book-2018-7?IR=T}},
  year= 2018
}


@misc{articoloSicurezza,
  author=Bellini,
  title ={IoT (Internet of Things): significato, esempi e applicazioni pratiche.},
  howpublished = {disponibile all'indirizzo \url{https://www.internet4things.it/iot-library/internet-of-things-gli-ambiti-applicativi-in-italia/}},
  year= 2019,
  month= 10 
}

@book{stroyOFraspberry_Raspbian,
  title={Raspberry Pi: Guida al computer più compatto del mondo.},
  author={Calderan, Pier},
  year={2013},
  publisher={Apogeo Editore}
}

@misc{boto3,
  title ={Boto 3 Documentation.},
  howpublished = {disponibile all'indirizzo \url{https://boto3.amazonaws.com/v1/documentation/api/latest/index.html}}, 
}

@misc{aws,
  title ={Amazon Web Services reports 45 percent jump in revenue in the fourth quarter.},
  howpublished = {disponibile all'indirizzo \url{https://www.cnbc.com/2019/01/31/aws-earnings-q4-2018.html}},
  year= 2019,
  month= 01
}

@misc{cli,
  title ={AWS IoT CLI on Raspberry Pi.},
  howpublished = {disponibile all'indirizzo \url{https://iotbytes.wordpress.com/aws-iot-cli-on-raspberry-pi/}},
  year= 2017,
  month= 02
}


  





@misc{IOT_DDoS,
  title ={I malware dell’IoT non si fermano: ecco i seguaci di Mirai.},
  howpublished = {disponibile all'indirizzo \url{https://www.ictsecuritymagazine.com/notizie/i-malware-delliot-non-si-fermano-ecco-i-seguaci-di-mirai/}},
  year= 2018,
  month= 06 
}

@inproceedings{villamizar2016infrastructure,
  title={Infrastructure cost comparison of running web applications in the cloud using AWS lambda and monolithic and microservice architectures},
  author={Villamizar, Mario and Garces, Oscar and Ochoa, Lina and Castro, Harold and Salamanca, Lorena and Verano, Mauricio and Casallas, Rubby and Gil, Santiago and Valencia, Carlos and Zambrano, Angee and others},
  booktitle={2016 16th IEEE/ACM International Symposium on Cluster, Cloud and Grid Computing (CCGrid)},
  pages={179--182},
  year={2016},
  organization={IEEE}
}



